@article{wing2006computational,
  title={Computational thinking},
  author={Wing, Jeannette M},
  journal={Communications of the ACM},
  volume={49},
  number={3},
  pages={33--35},
  year={2006}
}
@techreport{euschoolnet,
		author = {European Schoolnet},
		title = {Computing our future. Computer programming and coding â€“ priorities, school curricula and initiatives across Europe},
		url = {http://www.eun.org/publications/detail?publicationID=481},
		publisher = {European Schoolnet},
		year = {2014} ,
		institution = {European Schoolnet}
}
@article{lye2014review,
  title={Review on teaching and learning of computational thinking through programming: {W}hat is next for {K}-12?},
  author={Lye, Sze Yee and Koh, Joyce Hwee Ling},
  journal={Computers in Human Behavior},
  volume={41},
  pages={51--61},
  year={2014},
  publisher={Elsevier}
}
@inproceedings{brennan2012new,
  title={New frameworks for studying and assessing the development of computational thinking},
  author={Brennan, Karen and Resnick, Mitchel},
  booktitle={Proceedings of the 2012 annual meeting of the American Educational Research Association, Vancouver, Canada},
  year={2012}
}
@inproceedings{wilson2012evaluation,
  title={Evaluation of computer games developed by primary school children to gauge understanding of programming concepts},
  author={Wilson, Amanda and Hainey, Thomas and Connolly, TM},
  booktitle={6th European Conference on Games-based Learning (ECGBL)},
  pages={4--5},
  year={2012}
}
@inproceedings{seiter2013modeling,
  title={Modeling the learning progressions of computational thinking of primary grade students},
  author={Seiter, Linda and Foreman, Brendan},
  booktitle={Proceedings of the ninth annual international ACM conference on International computing education research},
  pages={59--66},
  year={2013},
  organization={ACM}
}
@inproceedings{boe2013hairball,
  title={Hairball: Lint-inspired static analysis of scratch projects},
  author={Boe, Bryce and Hill, Charlotte and Len, Michelle and Dreschler, Greg and Conrad, Phillip and Franklin, Diana},
  booktitle={Proceeding of the 44th ACM technical symposium on Computer science education},
  pages={215--220},
  year={2013},
  organization={ACM}
}
@inproceedings{franklin2013assessment,
  title={Assessment of computer science learning in a scratch-based outreach program},
  author={Franklin, Diana and Conrad, Phillip and Boe, Bryce and Nilsen, Katy and Hill, Charlotte and Len, Michelle and Dreschler, Greg and Aldana, Gerardo and Almeida-Tanaka, Paulo and Kiefer, Brynn and others},
  booktitle={Proceeding of the 44th ACM technical symposium on Computer science education},
  pages={371--376},
  year={2013},
  organization={ACM}
}
@inproceedings{wolz2011scrape,
  title={Scrape: A tool for visualizing the code of Scratch programs},
  author={Wolz, U and Hallberg, C and Taylor, B},
  booktitle={Poster presented at the 42nd ACM Technical Symposium on Computer Science Education, Dallas, TX},
  year={2011}
}
@article{moreno2014automatic,
  title={Automatic Detection of Bad Programming Habits in Scratch: A Preliminary Study},
  author={Moreno, Jes{\'u}s and Robles, Gregorio},
  booktitle={Frontiers in Education Conference, 2014 IEEE},
  pages={1--4},
  year={2014},
  organization={IEEE}
}
